@book{calvinoInstitutas,
  author       = {João Calvino},
  title        = {As Institutas da Religião Cristã},
  year         = {2022},
  publisher    = {Cultura Cristã},
  edition      = {3},
  volume       = {1},
  address      = {São Paulo},
  translator   = {Waldyr Carvalho Luz},
  note         = {Obra clássica da teologia reformada}
}

@book{bavinckDogmatica,
  author       = {Herman Bavinck},
  title        = {Dogmática Reformada},
  year         = {2012},
  publisher    = {Cultura Cristã},
  volume       = {1},
  edition      = {1},
  address      = {São Paulo},
  editor       = {John Bolt},
  translator   = {Nelson Kummer},
  isbn         = {9788576223160},
  note         = {Volume 1 de 4 da obra teológica principal de Bavinck}
}

@misc{stottContracultura,
  author       = {John Stott},
  title        = {A Contracultura Cristã},
  year         = {2021},
  url          = {https://ultimato.com.br/sites/a-contracultura-crista/},
  urldate      = {2025-05-09},
  note         = {Publicado originalmente em inglês como ``The Christian Counter-Culture''},
  howpublished = {Disponível online},
  publisher    = {Editora Ultimato}
}
